<?xml version="1.0" encoding="UTF-8"?><collection xmlns="http://www.loc.gov/MARC21/slim"><record><leader>00562nam--2200181-i-4500</leader><controlfield tag="001">000033461</controlfield><controlfield tag="002">20161230</controlfield><controlfield tag="005">20170104010403</controlfield><controlfield tag="008">060222s1000------------r-----000-0-eng-d</controlfield><datafield ind1=" " ind2=" " tag="040"><subfield code="a">IFIN-HH</subfield></datafield><datafield ind1=" " ind2=" " tag="080"><subfield code="a">537.311.33:621.315.592</subfield></datafield><datafield ind1="1" ind2=" " tag="100"><subfield code="a">Goudet, Georges</subfield></datafield><datafield ind1="1" ind2="0" tag="245"><subfield code="a">Semiconductors</subfield><subfield code="b">Their theory and practice. With preface by E.M.Deloraine. translated by G. King</subfield><subfield code="c">E. Goudet, C. Meuleau</subfield></datafield><datafield ind1=" " ind2=" " tag="260"><subfield code="a">London</subfield><subfield code="b">Macdonald And Evans Ltd</subfield><subfield code="c">1957</subfield></datafield><datafield ind1=" " ind2=" " tag="300"><subfield code="a">XVIII + 316 p</subfield></datafield><datafield ind1="1" ind2=" " tag="700"><subfield code="a">Meuleau, C</subfield></datafield><datafield ind1=" " ind2=" " tag="852"><subfield code="a">12992</subfield><subfield code="c">537.311.33</subfield></datafield><datafield ind1=" " ind2=" " tag="CAT"><subfield code="a">SYS</subfield><subfield code="c">20170104</subfield><subfield code="h">010403</subfield></datafield></record></collection>